@book{PBRT3e,
    title = {Physically Based Rendering: From Theory to Implementation (3rd ed.)},
    author = {Matt Pharr and Wenzel Jakob and Greg Humphreys},
    year = {2016},
    month = oct,
    edition = {3rd},
    publisher = {Morgan Kaufmann Publishers Inc.},
    address = {San Francisco, CA, USA}
}
@book{DaBPP,
    title = {Designing and Building Parallel Programs: Concepts and Tools for Parallel Software Engineering},
    author = {Ian Foster},
    year = {1995},
    month = jan,
    publisher = {Addison-Wesley Longman Publishing Co.},
    address = {75 Arlington Street, Suite 300 Boston, MA United States}
}
@book{FoCG,
    author = {Shirley, Peter and Marschner, Steve},
    title = {Fundamentals of Computer Graphics},
    year = {2009},
    publisher = {A. K. Peters, Ltd.},
    address = {USA},
    edition = {3rd}
}
@online{ACLaG,
    title={A Closer Look at GPUs [Электронный ресурс]},
    url={https://graphics.stanford.edu/~kayvonf/papers/fatahalianCACM.pdf},
    urldate={2023-12-15}
}
@article{AFVTAfRT,
    author = {Amanatides, John and Woo, Andrew},
    year = {1987},
    month = {08},
    pages = {},
    title = {A Fast Voxel Traversal Algorithm for Ray Tracing},
    volume = {87},
    journal = {Proceedings of EuroGraphics}
}
@inproceedings{ARTSwRPC,
author = {Nehab, Diego},
title = {Accelerating Real-Time Shading with Reverse Reprojection Caching},
year = {2007},
publisher = {Eurographics Association},
address = {Goslar, DEU},
booktitle = {Proceedings of the 22nd ACM SIGGRAPH/EUROGRAPHICS Symposium on Graphics Hardware},
pages = {25–35},
numpages = {11},
location = {San Diego, California},
series = {GH '07}
}
@online{RTiv,
    title={Ray Tracing In Vulkan [Электронный ресурс]},
    url={https://www.khronos.org/blog/ray-tracing-in-vulkan},
    urldate={2023-12-15}
}
@inproceedings{KDTASfaGR,
author = {Foley, Tim and Sugerman, Jeremy},
title = {KD-Tree Acceleration Structures for a GPU Raytracer},
year = {2005},
publisher = {Association for Computing Machinery},
address = {New York, NY, USA},
booktitle = {Proceedings of the ACM SIGGRAPH/EUROGRAPHICS Conference on Graphics Hardware},
pages = {15–22},
numpages = {8},
location = {Los Angeles, California},
series = {HWWS '05}
}
@techreport{ESVOAEaI,
    author      = {Samuli Laine and Tero Karras},
    title       = {Efficient Sparse Voxel Octrees -- Analysis, Extensions, and Implementation},
    month       = feb,
    year        = 2010,
    institution = {NVIDIA Corporation},
    type        = {NVIDIA Technical Report},
    number      = {NVR-2010-001}
}
@article{IFCGP,
author = {Phong, Bui Tuong},
title = {Illumination for Computer Generated Pictures},
year = {1975},
issue_date = {June 1975},
publisher = {Association for Computing Machinery},
address = {New York, NY, USA},
volume = {18},
number = {6},
journal = {Commun. ACM},
month = {jun},
pages = {311–317},
numpages = {7},
}

@book{Rodzhers,
author = {Rogers, David F.},
title = {Procedural Elements for Computer Graphics (2nd Ed.)},
year = {1997},
publisher = {McGraw-Hill, Inc.},
address = {USA}
}

@inproceedings{MMfRtRS,
author = {Walter, Bruce},
title = {Microfacet Models for Refraction through Rough Surfaces},
year = {2007},
publisher = {Eurographics Association},
address = {Goslar, DEU},
booktitle = {Proceedings of the 18th Eurographics Conference on Rendering Techniques},
pages = {195–206},
numpages = {12},
location = {Grenoble, France},
series = {EGSR'07}
}
@article{EoR,
author = {Kajiya, James T.},
title = {The Rendering Equation},
year = {1986},
issue_date = {Aug. 1986},
publisher = {Association for Computing Machinery},
address = {New York, NY, USA},
volume = {20},
number = {4},
journal = {SIGGRAPH Comput. Graph.},
month = {aug},
pages = {143–150},
numpages = {8}
}
@online{WebGPU,
    title={WebGPU working draft [Электронный ресурс]},
    url={https://www.w3.org/TR/webgpu/},
    urldate={2023-12-15}
}
@online{WebGPUSL,
    title={WebGPU Shading Language working draft [Электронный ресурс]},
    url={https://www.w3.org/TR/WGSL/},
    urldate={2023-12-15}
}

@book{Rust,
author = {Klabnik, Steve and Nichols, Carol},
title = {The Rust Programming Language},
year = {2018},
publisher = {No Starch Press},
address = {USA}
}
@online{ImGui,
    title={Dear ImGui [Электронный ресурс]},
    url={https://github.com/ocornut/imgui},
    urldate={2023-12-15}
}
@online{VulkanTut,
    title={Vulkan Tutorial [Электронный ресурс]},
    url={https://vulkan-tutorial.com/Introduction},
    urldate={2023-12-15}
}
@article{xorshift,
 title={Xorshift RNGs},
 volume={8},
 abstract={Description of a class of simple, extremely fast random number generators (RNGs) with periods 2k - 1 for k = 32, 64, 96, 128, 160, 192. These RNGs seem to pass tests of randomness very well.},
 number={14},
 journal={Journal of Statistical Software},
 author={Marsaglia, George},
 year={2003},
 pages={1–6}
}
@online{DirectX12,
title={DirectX12 [Электронный ресурс]},
url={https://www.nvidia.com/en-gb/geforce/technologies/dx12/},
urldate={2023-12-15}
}
@online{WASM,
title={WebAssembly Specification [Электронный ресурс]},
url={https://webassembly.github.io/spec/core/},
urldate={2023-12-15}
}
@online{Metal,
title={Metal [Электронный ресурс]},
url={https://developer.apple.com/metal/},
urldate={2023-12-15}
}
@online{Vulkan,
title={Vulkan® 1.3.264 - A Specification (with all registered Vulkan extensions) [Электронный ресурс]},
url={https://registry.khronos.org/vulkan/specs/1.3-extensions/html/index.html},
urldate={2023-12-15}
}
@online{OpenGLES,
title={OpenGL ES 3.2 [Электронный ресурс]},
url={https://www.khronos.org/opengles/},
urldate={2023-12-15}
}
@online{WebGL,
title={WebGL [Электронный ресурс]},
url={https://www.khronos.org/webgl/},
urldate={2023-12-15}
}
@article{Voxels,
author = {Chmielewski, Szymon and Tompalski, Piotr},
year = {2017},
month = {10},
pages = {1-13},
title = {Estimating outdoor advertising media visibility with voxel-based approach},
volume = {87},
journal = {Applied Geography}
}
@unpublished{KDtree,
title={kd-Trees [Электронный ресурс]},
url={https://www.cs.cmu.edu/~ckingsf/bioinfo-lectures/kdtrees.pdf},
urldate={2023-12-15}
}
@online{Octree,
title={Octree [Электронный ресурс]},
url={https://developer.apple.com/documentation/gameplaykit/gkoctree},
urldate={2023-12-15}
}
@inproceedings{PRN,
author = {Salmon, John K. and Moraes, Mark A. and Dror, Ron O. and Shaw, David E.},
title = {Parallel Random Numbers: As Easy as 1, 2, 3},
year = {2011},
publisher = {Association for Computing Machinery},
address = {New York, NY, USA},
booktitle = {Proceedings of 2011 International Conference for High Performance Computing, Networking, Storage and Analysis},
articleno = {16},
numpages = {12},
location = {Seattle, Washington},
series = {SC '11}
}
@article{perlin,
author = {Perlin, Ken},
title = {Improving Noise},
year = {2002},
issue_date = {July 2002},
publisher = {Association for Computing Machinery},
address = {New York, NY, USA},
volume = {21},
number = {3},
abstract = {Two deficiencies in the original Noise algorithm are corrected: second order interpolation discontinuity and unoptimal gradient computation. With these defects corrected, Noise both looks better and runs faster. The latter change also makes it easier to define a uniform mathematical reference standard.},
journal = {ACM Trans. Graph.},
month = {jul},
pages = {681–682},
numpages = {2},
keywords = {procedural texture}
}
@online{M1,
    title={Apple M1 [Электронный ресурс]},
    url={https://web.archive.org/web/20201110184757/https://www.apple.com/mac/m1/},
    urldate = {2023-09-18}
}
@online{RTW,
   title = {Ray Tracing in One Weekend [Электронный ресурс]},
   author = {Peter Shirley, Trevor David Black, Steve Hollasch},
   year = {2023},
   month = {August},
   url = {https://raytracing.github.io/books/RayTracingInOneWeekend.html},
   urldate={2023-12-15}
}
